
@manual{gcolab,
  title  = {"Initiation au Deep Learning avec Google Colab"},
  author = {"Simon Prud'homme"},
  note   = { \url{https://moov.ai/fr/blog/deep-learning-avec-google-colab/}
}
}

@manual{amazonsm,
  title  = {"Questions fr√©quentes (FAQ) sur Amazon SageMaker"},
  author = {"Amazon web services"},
  note   = { \url{https://aws.amazon.com/fr/sagemaker/faqs/}
}
}


@inproceedings{Guigues2003ModlesMP,
  title={Mod{\`e}les multi-{\'e}chelles pour la segmentation d'images},
  author={L. Guigues},
  year={2003}
}
